@article{hnsw,
  title={Efficient and robust approximate nearest neighbor search using hierarchical navigable small world graphs},
  author={Malkov, Yu A and Yashunin, Dmitry A},
  journal={IEEE transactions on pattern analysis and machine intelligence},
  volume={42},
  number={4},
  pages={824--836},
  year={2018},
  publisher={IEEE}
}

@article{NSG,
  title={Fast approximate nearest neighbor search with the navigating spreading-out graph},
  author={Fu, Cong and Xiang, Chao and Wang, Changxu and Cai, Deng},
  journal={arXiv preprint arXiv:1707.00143},
  year={2017}
}

@article{nsw2014,
  title={Approximate nearest neighbor algorithm based on navigable small world graphs},
  author={Malkov, Yury and Ponomarenko, Alexander and Logvinov, Andrey and Krylov, Vladimir},
  journal={Information Systems},
  volume={45},
  pages={61--68},
  year={2014},
  publisher={Elsevier}
}

@inproceedings{nsw2011,
  title={Approximate nearest neighbor search small world approach},
  author={Ponomarenko, Alexander and Malkov, Yury and Logvinov, Andrey and Krylov, Vladimir},
  booktitle={International Conference on Information and Communication Technologies \& Applications},
  volume={17},
  year={2011}
}

@inproceedings{nsw2012,
  title={Scalable distributed algorithm for approximate nearest neighbor search problem in high dimensional general metric spaces},
  author={Malkov, Yury and Ponomarenko, Alexander and Logvinov, Andrey and Krylov, Vladimir},
  booktitle={Similarity Search and Applications: 5th International Conference, SISAP 2012, Toronto, ON, Canada, August 9-10, 2012. Proceedings 5},
  pages={132--147},
  year={2012},
  organization={Springer}
}

@inproceedings{improving2015,
  title={Query-based improvement procedure and self-adaptive graph construction algorithm for approximate nearest neighbor search},
  author={Ponomarenko, Alexander},
  booktitle={Similarity Search and Applications: 8th International Conference, SISAP 2015, Glasgow, UK, October 12-14, 2015, Proceedings 8},
  pages={314--319},
  year={2015},
  organization={Springer}
}

@inproceedings{bentley1990k,
  title={K-d trees for semidynamic point sets},
  author={Bentley, Jon Louis},
  booktitle={Proceedings of the sixth annual symposium on Computational geometry},
  pages={187--197},
  year={1990}
}

@inproceedings{guttman1984r,
  title={R-trees: A dynamic index structure for spatial searching},
  author={Guttman, Antonin},
  booktitle={Proceedings of the 1984 ACM SIGMOD international conference on Management of data},
  pages={47--57},
  year={1984}
}

@inproceedings{yianilos1993,
  title={Data structures and algorithms for nearest neighbor search in general metric spaces},
  author={Yianilos, Peter N},
  booktitle={Soda},
  volume={93},
  number={194},
  pages={311--21},
  year={1993}
}

@inproceedings{ciaccia1997m,
  title={M-tree: An E cient access method for similarity search in metric spaces},
  author={Ciaccia, Paolo and Patella, Marco and Zezula, Pavel},
  booktitle={Proceedings of the 23rd VLDB conference, Athens, Greece},
  pages={426--435},
  year={1997},
  organization={Citeseer}
}

@inproceedings{beygelzimer2006cover,
  title={Cover trees for nearest neighbor},
  author={Beygelzimer, Alina and Kakade, Sham and Langford, John},
  booktitle={Proceedings of the 23rd international conference on Machine learning},
  pages={97--104},
  year={2006}
}

@book{zezula2006similarity,
  title={Similarity search: the metric space approach},
  author={Zezula, Pavel and Amato, Giuseppe and Dohnal, Vlastislav and Batko, Michal},
  volume={32},
  year={2006},
  publisher={Springer Science \& Business Media}
}

@inproceedings{Indyk1998,
  author    = {Piotr Indyk},
  title     = {Local-Descriptor Matching for Image Identification},
  booktitle = {Proceedings of the Conference on High-Dimensional Hashing},
  year      = {1998},
}

@article{Gionis1999,
  author  = {Aristides Gionis and Piotr Indyk and Rajeev Motwani},
  title   = {Similarity Search in High Dimensions via Hashing},
  journal = {ACM SIGMOD Record},
  volume  = {28},
  number  = {2},
  pages   = {517--528},
  year    = {1999},
}

@inproceedings{Datar2004,
  author    = {Mayur Datar and Nicole Immorlica and Piotr Indyk and Vahab Mirrokni},
  title     = {Locality-Sensitive Hashing Scheme Based on p-Stable Distributions},
  booktitle = {Proceedings of the 20th Annual Symposium on Computational Geometry},
  pages     = {253--262},
  year      = {2004},
}

@article{Andoni2006,
  author  = {Alexandr Andoni and Piotr Indyk},
  title   = {Near-Optimal Hashing Algorithms for Approximate Nearest Neighbor in High Dimensions},
  journal = {Communications of the ACM},
  volume  = {51},
  number  = {1},
  pages   = {117--122},
  year    = {2008},
}

@inproceedings{Andoni2015,
  author    = {Alexandr Andoni and Ilya Razenshteyn},
  title     = {Optimal Data-Dependent Hashing for Approximate Near Neighbors},
  booktitle = {Proceedings of the 47th Annual ACM Symposium on Theory of Computing},
  pages     = {793--801},
  year      = {2015},
}

@article{Jegou2011,
  author    = {Herv{\'{e}} J{\'{e}}gou and Matthijs Douze and Cordelia Schmid},
  title     = {Product Quantization for Nearest Neighbor Search},
  journal   = {IEEE Transactions on Pattern Analysis and Machine Intelligence},
  volume    = {33},
  number    = {1},
  pages     = {117--128},
  year      = {2011},
}

@inproceedings{Ge2013,
  author    = {Tiezheng Ge and Kaiming He and Qifeng Chen and Jian Sun},
  title     = {Optimized Product Quantization for Approximate Nearest Neighbor Search},
  booktitle = {Proceedings of the IEEE Conference on Computer Vision and Pattern Recognition (CVPR)},
  pages     = {863--870},
  year      = {2013},
}

@inproceedings{Norouzi2013,
  author    = {Mohammad Norouzi and David J. Fleet},
  title     = {Cartesian k-Means for Product Quantization},
  booktitle = {Proceedings of the IEEE Conference on Computer Vision and Pattern Recognition (CVPR)},
  pages     = {119--126},
  year      = {2013},
}

@misc{hnswlib2025,
  author       = {Yury Malkov et al.},
  title        = {{hnswlib}: Hierarchical Navigable Small World Graphs Library},
  year         = {2025},
  howpublished = {\url{https://github.com/nmslib/hnswlib}},
  note         = {Accessed: 2025-05-04}
}

@software{Vardanian_USearch_2023,
doi = {10.5281/zenodo.7949416},
author = {Vardanian, Ash},
title = {{USearch by Unum Cloud}},
url = {https://github.com/unum-cloud/usearch},
version = {2.17.7},
year = {2023},
month = oct,
}

@article{faiss,
      title={The Faiss library},
      author={Matthijs Douze and Alexandr Guzhva and Chengqi Deng and Jeff Johnson and Gergely Szilvasy and Pierre-Emmanuel Mazaré and Maria Lomeli and Lucas Hosseini and Hervé Jégou},
      year={2024},
      eprint={2401.08281},
      archivePrefix={arXiv},
      primaryClass={cs.LG}
}

@inproceedings{prokhorenkova2020graph,
  title={Graph-based nearest neighbor search: From practice to theory},
  author={Prokhorenkova, Liudmila and Shekhovtsov, Aleksandr},
  booktitle={International Conference on Machine Learning},
  pages={7803--7813},
  year={2020},
  organization={PMLR}
}

@article{diskann,
  title={Diskann: Fast accurate billion-point nearest neighbor search on a single node},
  author={Jayaram Subramanya, Suhas and Devvrit, Fnu and Simhadri, Harsha Vardhan and Krishnawamy, Ravishankar and Kadekodi, Rohan},
  journal={Advances in neural information processing Systems},
  volume={32},
  year={2019}
}

@article{wang2021comprehensive,
  title={A comprehensive survey and experimental comparison of graph-based approximate nearest neighbor search},
  author={Wang, Mengzhao and Xu, Xiaoliang and Yue, Qiang and Wang, Yuxiang},
  journal={Proceedings of the VLDB Endowment},
  volume={14},
  number={11},
  pages={1964--1978},
  year={2021},
  publisher={VLDB Endowment}
}
@article{yang2024revisiting,
  title={Revisiting the index construction of proximity graph-based approximate nearest neighbor search},
  author={Yang, Shuo and Xie, Jiadong and Liu, Yingfan and Yu, Jeffrey Xu and Gao, Xiyue and Wang, Qianru and Peng, Yanguo and Cui, Jiangtao},
  journal={arXiv preprint arXiv:2410.01231},
  year={2024}
}

@inproceedings{nmspacelib,
  author       = {Leonid Boytsov and
                  Bilegsaikhan Naidan},
  editor       = {Nieves R. Brisaboa and
                  Oscar Pedreira and
                  Pavel Zezula},
  title        = {Engineering Efficient and Effective Non-metric Space Library},
  booktitle    = {Similarity Search and Applications - 6th International Conference,
                  {SISAP} 2013, {A} Coru{\~{n}}a, Spain, October 2-4, 2013, Proceedings},
  series       = {Lecture Notes in Computer Science},
  volume       = {8199},
  pages        = {280--293},
  publisher    = {Springer},
  year         = {2013},
  url          = {https://doi.org/10.1007/978-3-642-41062-8\_28},
  doi          = {10.1007/978-3-642-41062-8\_28},
  timestamp    = {Tue, 14 May 2019 10:00:53 +0200},
  biburl       = {https://dblp.org/rec/conf/sisap/BoytsovN13.bib},
  bibsource    = {dblp computer science bibliography, https://dblp.org}
}

@article{aumuller2020ann,
  title={ANN-Benchmarks: A benchmarking tool for approximate nearest neighbor algorithms},
  author={Aum{\"u}ller, Martin and Bernhardsson, Erik and Faithfull, Alexander},
  journal={Information Systems},
  volume={87},
  pages={101374},
  year={2020},
  publisher={Elsevier}
}

@manual{OracleHNSW2023,
  title        = {Understanding Hierarchical Navigable Small World Indexes},
  author       = {{Oracle Corporation}},
  year         = {2023},
  howpublished = {\url{https://docs.oracle.com/en/database/oracle/oracle-database/23/vecse/understand-hierarchical-navigable-small-world-indexes.html}},
  note         = {Accessed: 2025-04-05}
}

@online{MilvusHNSW2024,
  title      = {HNSW Index},
  author     = {{Milvus Team}},
  year       = {2024},
  url        = {https://milvus.io/docs/hnsw.md},
  urldate    = {2025-04-05}
}

@online{ZillizHNSW2022,
  title      = {Hierarchical Navigable Small World (HNSW)},
  author     = {{Zilliz Team}},
  year       = {2022},
  url        = {https://zilliz.com/learn/hierarchical-navigable-small-worlds-HNSW},
  urldate    = {2025-04-05}
}

@manual{WeaviateVectorIndex2024,
  title        = {Vector Index},
  author       = {{Weaviate Team}},
  organization = {Weaviate},
  year         = {2024},
  howpublished = {\url{https://weaviate.io/developers/weaviate/concepts/vector-index}},
  note         = {Accessed: 2025-04-05}
}


@online{ElasticHNSW2023,
  title      = {HNSW Graphs: Speed Up Merging},
  author     = {{Elastic Team}},
  year       = {2023},
  url        = {https://www.elastic.co/search-labs/blog/hnsw-graphs-speed-up-merging#graph-merging},
  urldate    = {2025-04-05}
}

@article{groh2022ggnn,
  title={Ggnn: Graph-based gpu nearest neighbor search},
  author={Groh, Fabian and Ruppert, Lukas and Wieschollek, Patrick and Lensch, Hendrik PA},
  journal={IEEE Transactions on Big Data},
  volume={9},
  number={1},
  pages={267--279},
  year={2022},
  publisher={IEEE}
}

@article{knnmerge,
  title={On the merge of k-NN graph},
  author={Zhao, Wan-Lei and Wang, Hui and Lin, Peng-Cheng and Ngo, Chong-Wah},
  journal={IEEE Transactions on Big Data},
  volume={8},
  number={6},
  pages={1496--1510},
  year={2021},
  publisher={IEEE}
}